@inbook{
	Theory,
	author="Меркулова О.~О., Никитина А.~Б., Фёдоров О.~А.",
	title="Избранные вопросы теории алгоритмов. Учебно-методическое пособие.",
	publisher="--- Южно-Сахалинск : СахГУ",
	language="russian",
	year=2018
}

@inbook{RadixTh,
	author="Абакумова А.~С.",
	title="Разработка алгоритмов сортировки данных большого
	объёма с использованием параллельных технологий",
	publisher="--- НИУ БелГУ", 
	language="russian",
	year=2017
}

@inbook{Merge,
	author="Сахаров А.~К.",
	title="Модифицированный метод сортировки слиянием",
	language="russian",
	publisher="--- Алтайский государственный педагогический университет", 
	language="russian",
	year=2015
}

@misc{golang,
	title="The Go Programming Language [Электронный ресурс]",
	howpublished="Режим доступа: \url{https://golang.org/} (дата обращения: 17.10.2023)"
}

@misc{syscall,
	title="Пакeт syscall [Электронный ресурс]",
	howpublished="Режим доступа: \url{https://pkg.go.dev/syscall} (дата обращения: 17.10.2023)"
}

@misc{gotest,
	title="testing --- The Go Programming Language [Электронный ресурс]",
	howpublished="Режим доступа: \url{https://golang.org/pkg/testing/} (дата обращения: 17.10.2023)"
}

@misc{ubuntu,
	title="Linux --- Официальная документация [Электронный ресурс]",
	howpublished="Режим доступа: \url{https://www.linux.org/} (дата обращения: 17.10.2023)"
}

@misc{amd,
	title="AMD Processors [Электронный ресурс]",
	howpublished="Режим доступа: \url{https://www.amd.com/en.html} (дата обращения: 17.10.2023)"
}