@inbook{
	Matrix,
	author="Конев В.~В.",
	title="Линейная алгебра. Учебное пособие.",
	publisher="--- Томск. Изд. ТПУ.",
	volume=65,
	pages="845--848",
	language="russian",
	year=2008
}

@inbook{article,
	author="Анисимов Н.~С., Строганов Ю.~В.",
	title="Реализация алгоритма умножения матриц по Винограду на языке Haskell",
	publisher="--- МГТУ им. Н.Э.Баумана", 
	volume=6,
	language="russian",
	year=2018
}

@misc{golang,
	title="The Go Programming Language [Электронный ресурс]",
	howpublished="Режим доступа: \url{https://golang.org/} (дата обращения: 17.10.2023)"
}

@misc{syscall,
	title="Пакeт syscall [Электронный ресурс]",
	howpublished="Режим доступа: \url{https://pkg.go.dev/syscall} (дата обращения: 17.10.2023)"
}

@misc{gotest,
	title="testing --- The Go Programming Language [Электронный ресурс]",
	howpublished="Режим доступа: \url{https://golang.org/pkg/testing/} (дата обращения: 17.10.2023)"
}

@misc{ubuntu,
	title="Linux --- Официальная документация [Электронный ресурс]",
	howpublished="Режим доступа: \url{https://www.linux.org/} (дата обращения: 17.10.2023)"
}

@misc{amd,
	title="AMD Processors [Электронный ресурс]",
	howpublished="Режим доступа: \url{https://www.amd.com/en.html} (дата обращения: 17.10.2023)"
}